%YAML 1.1
%TAG !u! tag:unity3d.com,2011:
--- !u!1 &1862381502889382836
GameObject:
  m_ObjectHideFlags: 0
  m_CorrespondingSourceObject: {fileID: 0}
  m_PrefabInstance: {fileID: 0}
  m_PrefabAsset: {fileID: 0}
  serializedVersion: 6
  m_Component:
  - component: {fileID: 1862381502889382835}
  - component: {fileID: 3900681620272850981}
  - component: {fileID: 415827642323739409}
  - component: {fileID: 4247098938407304576}
  - component: {fileID: 1862381502889382834}
  m_Layer: 0
  m_Name: Fire_Fire
  m_TagString: Untagged
  m_Icon: {fileID: 0}
  m_NavMeshLayer: 0
  m_StaticEditorFlags: 0
  m_IsActive: 1
--- !u!4 &1862381502889382835
Transform:
  m_ObjectHideFlags: 0
  m_CorrespondingSourceObject: {fileID: 0}
  m_PrefabInstance: {fileID: 0}
  m_PrefabAsset: {fileID: 0}
  m_GameObject: {fileID: 1862381502889382836}
  m_LocalRotation: {x: 0, y: 0.7071068, z: 0, w: 0.7071068}
  m_LocalPosition: {x: -2, y: 3, z: -3}
  m_LocalScale: {x: 1, y: 1, z: 1}
  m_Children: []
  m_Father: {fileID: 0}
  m_RootOrder: 0
  m_LocalEulerAnglesHint: {x: 0, y: 90, z: 0}
--- !u!33 &3900681620272850981
MeshFilter:
  m_ObjectHideFlags: 0
  m_CorrespondingSourceObject: {fileID: 0}
  m_PrefabInstance: {fileID: 0}
  m_PrefabAsset: {fileID: 0}
  m_GameObject: {fileID: 1862381502889382836}
  m_Mesh: {fileID: 10207, guid: 0000000000000000e000000000000000, type: 0}
--- !u!135 &415827642323739409
SphereCollider:
  m_ObjectHideFlags: 0
  m_CorrespondingSourceObject: {fileID: 0}
  m_PrefabInstance: {fileID: 0}
  m_PrefabAsset: {fileID: 0}
  m_GameObject: {fileID: 1862381502889382836}
  m_Material: {fileID: 0}
  m_IsTrigger: 0
  m_Enabled: 1
  serializedVersion: 2
  m_Radius: 1.5
  m_Center: {x: 0, y: 0, z: 0}
--- !u!54 &4247098938407304576
Rigidbody:
  m_ObjectHideFlags: 0
  m_CorrespondingSourceObject: {fileID: 0}
  m_PrefabInstance: {fileID: 0}
  m_PrefabAsset: {fileID: 0}
  m_GameObject: {fileID: 1862381502889382836}
  serializedVersion: 2
  m_Mass: 1
  m_Drag: 0
  m_AngularDrag: 0.05
  m_UseGravity: 0
  m_IsKinematic: 0
  m_Interpolate: 0
  m_Constraints: 0
  m_CollisionDetection: 0
--- !u!114 &1862381502889382834
MonoBehaviour:
  m_ObjectHideFlags: 0
  m_CorrespondingSourceObject: {fileID: 0}
  m_PrefabInstance: {fileID: 0}
  m_PrefabAsset: {fileID: 0}
  m_GameObject: {fileID: 1862381502889382836}
  m_Enabled: 1
  m_EditorHideFlags: 0
  m_Script: {fileID: 11500000, guid: b1776d039b65a614489c13a8eb223237, type: 3}
  m_Name: 
  m_EditorClassIdentifier: 
  impactParticle: {fileID: 2973894730602943949, guid: 62d7405f6120e6c4884f556df941db6b,
    type: 3}
  projectileParticle: {fileID: 2523456241619981071, guid: ebb6d1bd0c869d64193a256dca0e89f3,
    type: 3}
  muzzleParticle: {fileID: 1244642339689517307, guid: 9feb344d795576f47847a3af29c28856,
    type: 3}
  trailParticles: []
  impactNormal: {x: 0, y: 0, z: 0}
